@article{2015arXiv150907408D,
	Adsnote = {Provided by the SAO/NASA Astrophysics Data System},
	Adsurl = {http://adsabs.harvard.edu/abs/2015arXiv150907408D},
	Archiveprefix = {arXiv},
	Author = {{Donath}, A. and {Deil}, C. and {Arribas}, M.~P. and {King}, J. and {Owen}, E. and {Terrier}, R. and {Reichardt}, I. and {Harris}, J. and {B{\"u}hler}, R. and {Klepser}, S.},
	Eprint = {1509.07408},
	Journal = {ArXiv e-prints},
	Keywords = {Astrophysics - Instrumentation and Methods for Astrophysics},
	Month = sep,
	Primaryclass = {astro-ph.IM},
	Title = {{Gammapy - A Python package for gamma-ray astronomy}},
	Year = 2015,
}

@article{2016arXiv160600393K,
	Adsnote = {Provided by the SAO/NASA Astrophysics Data System},
	Adsurl = {http://adsabs.harvard.edu/abs/2016arXiv160600393K},
	Archiveprefix = {arXiv},
	Author = {{Kn{\"o}dlseder}, J. and {Mayer}, M. and {Deil}, C. and {Cayrou}, J.-B. and {Owen}, E. and {Kelley-Hoskins}, N. and {Lu}, C.-C. and {Buehler}, R. and {Forest}, F. and {Louge}, T. and {Siejkowski}, H. and {Kosack}, K. and {Gerard}, L. and {Schulz}, A. and {Martin}, P. and {Sanchez}, D. and {Ohm}, S. and {Hassan}, T. and {Brau-Nogu{\'e}}, S.},
	Eprint = {1606.00393},
	Journal = {ArXiv e-prints},
	Keywords = {Astrophysics - Instrumentation and Methods for Astrophysics, Astrophysics - High Energy Astrophysical Phenomena},
	Month = jun,
	Primaryclass = {astro-ph.IM},
	Title = {{GammaLib and ctools: A software framework for the analysis of astronomical gamma-ray data}},
	Year = 2016,
}
